% Hydra citation
@misc{Yadan2019Hydra,
  author =       {Omry Yadan},
  title =        {Hydra - A framework for elegantly configuring complex applications},
  howpublished = {Github},
  year =         {2019},
  url =          {https://github.com/facebookresearch/hydra}
}
% Smacv2
@misc{ellis2022smacv2,
      title={SMACv2: An Improved Benchmark for Cooperative Multi-Agent Reinforcement Learning}, 
      author={Benjamin Ellis and Skander Moalla and Mikayel Samvelyan and Mingfei Sun and Anuj Mahajan and Jakob N. Foerster and Shimon Whiteson},
      year={2022},
      eprint={2212.07489},
      archivePrefix={arXiv},
      primaryClass={cs.LG}
}
% RoadAI competition. TODO: Fix.
@misc{noraRoadAIReducing,
	author = {NORA},
	title = { {R}oad{A}{I} - {R}educing emissions in road construction - {N}{O}{R}{A} - {N}orwegian {A}rtificial {I}ntelligence {R}esearch {C}onsortium --- nora.ai},
	howpublished = {\url{https://www.nora.ai/competition/roadai-competition/}},
	year = {2023},
	note = {[Accessed 04-10-2023]},
}
% Flatlands 2020
@misc{laurent2021flatland,
      title={Flatland Competition 2020: MAPF and MARL for Efficient Train Coordination on a Grid World}, 
      author={Florian Laurent and Manuel Schneider and Christian Scheller and Jeremy Watson and Jiaoyang Li and Zhe Chen and Yi Zheng and Shao-Hung Chan and Konstantin Makhnev and Oleg Svidchenko and Vladimir Egorov and Dmitry Ivanov and Aleksei Shpilman and Evgenija Spirovska and Oliver Tanevski and Aleksandar Nikov and Ramon Grunder and David Galevski and Jakov Mitrovski and Guillaume Sartoretti and Zhiyao Luo and Mehul Damani and Nilabha Bhattacharya and Shivam Agarwal and Adrian Egli and Erik Nygren and Sharada Mohanty},
      year={2021},
      eprint={2103.16511},
      archivePrefix={arXiv},
      primaryClass={cs.AI}
}